@misc{repotest,
  author = {Matías Meneses C.},
  title = {Secure login screen, programmed with type-based security types.},
  publisher = {GitHub},
  journal = {GitHub repository},
  howpublished = {\url{https://github.com/matiasimc/secure-login-test}},
}

@misc{repo,
  author = {Matías Meneses C.},
  title = {Type based declassification inference for Dart.},
  publisher = {GitHub},
  journal = {GitHub repository},
  howpublished = {\url{https://github.com/matiasimc/TRNIdart}},
}
